@book{DubPan09,
  place     = {Cambridge},
  title     = {Concentration of Measure for the Analysis of Randomized Algorithms},
  doi       = {10.1017/CBO9780511581274},
  publisher = {Cambridge University Press},
  author    = {Dubhashi, Devdatt P. and Panconesi, Alessandro},
  year      = {2009}
}

@misc{Nak08,
  author = {Satoshi Nakamoto},
  title  = {Bitcoin: A Peer-to-Peer Electronic Cash System},
  year   = {2008},
  month  = {Dec},
  url    = {https://bitcoin.org/bitcoin.pdf}
}

@article{JACM:DwoLynSto88,
  author     = {Dwork, Cynthia and Lynch, Nancy and Stockmeyer, Larry},
  title      = {Consensus in the presence of partial synchrony},
  year       = {1988},
  issue_date = {April 1988},
  publisher  = {Association for Computing Machinery},
  address    = {New York, NY, USA},
  volume     = {35},
  number     = {2},
  issn       = {0004-5411},
  doi        = {10.1145/42282.42283},
  journal    = {J. ACM},
  month      = {apr},
  pages      = {288-323},
  numpages   = {36}
}

@article{InfComp:LynWel88,
  author   = {Welch, Jennifer Lundelius and Lynch, Nancy},
  title    = {A New Fault-Tolerant Algorithm for Clock Synchronization},
  year     = {1988},
  address  = {USA},
  volume   = {77},
  number   = {1},
  issn     = {0890-5401},
  doi      = {10.1016/0890-5401(88)90043-0},
  journal  = {Inf. Comput.},
  month    = {apr},
  pages    = {1--36},
  numpages = {36}
}

@article{JACM:SriTou87,
  author     = {Srikanth, T. K. and Toueg, Sam},
  title      = {Optimal Clock Synchronization},
  year       = {1987},
  issue_date = {July 1987},
  publisher  = {Association for Computing Machinery},
  address    = {New York, NY, USA},
  volume     = {34},
  number     = {3},
  issn       = {0004-5411},
  doi        = {10.1145/28869.28876},
  journal    = {J. ACM},
  month      = {jul},
  pages      = {626--645},
  numpages   = {20}
}

@article{JCSS:DHS86,
  author     = {Dolev, Danny and Halpern, Joseph Y and Strong, Raymond H},
  title      = {On the Possibility and Impossibility of Achieving Clock Synchronization},
  year       = {1986},
  issue_date = {April 1986},
  publisher  = {Academic Press, Inc.},
  address    = {USA},
  volume     = {32},
  number     = {2},
  issn       = {0022-0000},
  journal    = {J. Comput. Syst. Sci.},
  month      = {apr},
  pages      = {230--250},
  numpages   = {21}
}

@article{CACM:Lam78,
  author     = {Lamport, Leslie},
  title      = {Time, Clocks, and the Ordering of Events in a Distributed System},
  year       = {1978},
  issue_date = {July 1978},
  publisher  = {Association for Computing Machinery},
  address    = {New York, NY, USA},
  volume     = {21},
  number     = {7},
  issn       = {0001-0782},
  doi        = {10.1145/359545.359563},
  journal    = {Commun. ACM},
  month      = {jul},
  pages      = {558--565},
  numpages   = {8}
}
